<?xml version="1.0"?>
<marc:records xmlns:marc="http://www.loc.gov/MARC21/slim" xmlns:xsi="http://www.w3.org/2001/XMLSchema-instance" xsi:schemaLocation="http://www.loc.gov/MARC21/slim http://www.loc.gov/standards/marcxml/schema/MARC21slim.xsd">
  <marc:record>
    <marc:leader>05269ntm a2200433Ia 4500</marc:leader>
    <marc:controlfield tag="001">9977510868303681</marc:controlfield>
    <marc:controlfield tag="005">20190730143323.0</marc:controlfield>
    <marc:controlfield tag="008">190501q17981799fr            000 0 heb d</marc:controlfield>
    <marc:datafield ind1=" " ind2=" " tag="035">
  <marc:subfield code="a">(OCoLC)1099574898</marc:subfield>
</marc:datafield>
    <marc:datafield ind1=" " ind2=" " tag="035">
  <marc:subfield code="a">(OCoLC)on1099574898</marc:subfield>
</marc:datafield>
    <marc:datafield ind1=" " ind2=" " tag="040">
  <marc:subfield code="a">PAU</marc:subfield>
  <marc:subfield code="b">eng</marc:subfield>
  <marc:subfield code="c">PAU</marc:subfield>
  <marc:subfield code="e">dacs</marc:subfield>
</marc:datafield>
    <marc:datafield ind1="0" ind2=" " tag="041">
  <marc:subfield code="a">heb</marc:subfield>
  <marc:subfield code="a">yid</marc:subfield>
  <marc:subfield code="a">ger</marc:subfield>
</marc:datafield>
    <marc:datafield ind1=" " ind2="9" tag="099">
  <marc:subfield code="a">CAJS Rar Ms 493</marc:subfield>
</marc:datafield>
    <marc:datafield ind1="1" ind2=" " tag="100">
  <marc:subfield code="6">880-01</marc:subfield>
  <marc:subfield code="a">Friemann, Avraham.</marc:subfield>
</marc:datafield>
    <marc:datafield ind1="1" ind2="0" tag="245">
  <marc:subfield code="6">880-02</marc:subfield>
  <marc:subfield code="a">Pink&#x323;as ... poh Bisha, 1798-1799.</marc:subfield>
</marc:datafield>
    <marc:datafield ind1=" " ind2=" " tag="300">
  <marc:subfield code="a">1</marc:subfield>
  <marc:subfield code="f">volume (29 leaves) :</marc:subfield>
  <marc:subfield code="b">paper ;</marc:subfield>
  <marc:subfield code="c">172 x 105 (160 x 85) mm bound to 175 x 111 mm.</marc:subfield>
</marc:datafield>
    <marc:datafield ind1=" " ind2=" " tag="500">
  <marc:subfield code="a">Ms. codex.</marc:subfield>
</marc:datafield>
    <marc:datafield ind1=" " ind2=" " tag="524">
  <marc:subfield code="a">UPenn CAJS Rar Ms 493.</marc:subfield>
</marc:datafield>
    <marc:datafield ind1=" " ind2=" " tag="546">
  <marc:subfield code="a">Hebrew and Yiddish, with Yiddish notes at the end (f. 26v-28r) and a few words in German (f. 13r).</marc:subfield>
</marc:datafield>
    <marc:datafield ind1="1" ind2=" " tag="561">
  <marc:subfield code="a">Possible ownership inscription, Frydman, written in ballpoint pen on the title page; possibly also a later transcription of the scribe's name on this page (f. 1r).</marc:subfield>
</marc:datafield>
    <marc:datafield ind1="1" ind2=" " tag="561">
  <marc:subfield code="a">Presented to The Penn Libraries in 2018 by Joseph and Susan Moldovan (C'76).</marc:subfield>
</marc:datafield>
    <marc:datafield ind1=" " ind2="0" tag="650">
  <marc:subfield code="a">Pinkasim</marc:subfield>
  <marc:subfield code="y">18th century.</marc:subfield>
</marc:datafield>
    <marc:datafield ind1=" " ind2="0" tag="650">
  <marc:subfield code="a">Jews</marc:subfield>
  <marc:subfield code="z">France</marc:subfield>
  <marc:subfield code="z">Alsace</marc:subfield>
  <marc:subfield code="y">18th century.</marc:subfield>
</marc:datafield>
    <marc:datafield ind1=" " ind2="0" tag="650">
  <marc:subfield code="a">Jews</marc:subfield>
  <marc:subfield code="z">Czech Republic</marc:subfield>
  <marc:subfield code="z">Prague</marc:subfield>
  <marc:subfield code="y">18th century.</marc:subfield>
</marc:datafield>
    <marc:datafield ind1=" " ind2="0" tag="651">
  <marc:subfield code="a">Bischheim (France)</marc:subfield>
  <marc:subfield code="x">History</marc:subfield>
  <marc:subfield code="v">Sources.</marc:subfield>
</marc:datafield>
    <marc:datafield ind1=" " ind2="7" tag="655">
  <marc:subfield code="a">Codices (bound manuscripts)</marc:subfield>
  <marc:subfield code="2">aat</marc:subfield>
</marc:datafield>
    <marc:datafield ind1=" " ind2="7" tag="655">
  <marc:subfield code="a">Diaries.</marc:subfield>
  <marc:subfield code="2">aat</marc:subfield>
</marc:datafield>
    <marc:datafield ind1=" " ind2="0" tag="655">
  <marc:subfield code="a">Manuscripts, Hebrew</marc:subfield>
  <marc:subfield code="y">18th century.</marc:subfield>
</marc:datafield>
    <marc:datafield ind1=" " ind2="0" tag="655">
  <marc:subfield code="a">Manuscripts, European.</marc:subfield>
</marc:datafield>
    <marc:datafield ind1="1" ind2=" " tag="700">
  <marc:subfield code="a">Moldovan, Joseph,</marc:subfield>
  <marc:subfield code="e">donor.</marc:subfield>
</marc:datafield>
    <marc:datafield ind1="1" ind2=" " tag="700">
  <marc:subfield code="a">Moldovan, Susan,</marc:subfield>
  <marc:subfield code="e">donor.</marc:subfield>
</marc:datafield>
    <marc:datafield ind1="2" ind2=" " tag="710">
  <marc:subfield code="a">Moldovan Family Judaica Collection (University of Pennsylvania)</marc:subfield>
  <marc:subfield code="5">PU</marc:subfield>
</marc:datafield>
    <marc:datafield ind1="0" ind2="0" tag="773">
  <marc:subfield code="t">Moldovan Family Judaica Collection (University of Pennsylvania)</marc:subfield>
</marc:datafield>
    <marc:datafield ind1=" " ind2=" " tag="852">
  <marc:subfield code="b">Library at the Herbert D. Katz Center for Advanced Judaic Studies</marc:subfield>
  <marc:subfield code="a">University of Pennsylvania</marc:subfield>
  <marc:subfield code="e">420 Walnut Street, Philadelphia, Pennsylvania 19106-3703.</marc:subfield>
  <marc:subfield code="j">CAJS Rar Ms 493</marc:subfield>
</marc:datafield>
    <marc:datafield ind1="1" ind2=" " tag="880">
  <marc:subfield code="6">100-01//r</marc:subfield>
  <marc:subfield code="a">&#x5E4;&#x5E8;&#x5D9;&#x5E2;&#x5DE;&#x5E0;&#x5DF;, &#x5D0;&#x5D1;&#x5E8;&#x5D4;&#x5DD;.</marc:subfield>
</marc:datafield>
    <marc:datafield ind1="1" ind2="0" tag="880">
  <marc:subfield code="6">245-02//r</marc:subfield>
  <marc:subfield code="a">&#x5E4;&#x5E0;&#x5E7;&#x5E1; ... &#x5E4;&#x5D4; &#x5D1;&#x5D9;&#x5E9;&#x5D0;, 1798-1799.</marc:subfield>
</marc:datafield>
    <marc:datafield ind1=" " ind2=" " tag="880">
  <marc:subfield code="6">520-00//r</marc:subfield>
  <marc:subfield code="a">This is a manuscript of a mohel, or ritual circumcisor, named Avraham Freimann, documenting the circumcisions he performed, Alsatian travelers and community life, as well as various historical events occurring in and around Bischheim. He originated in Prague, and notes on the title page (f. 1r) that he began practicing circumcisions while he was studying in a yeshivah there; his first circumcision was on Rosh H&#x323;odesh Adar 1768 in Be&#x30C;chovice, with more circumcisions noted in the Prague environs and travels in Germany in the subsequent years, mentioning Lubno, Ansbach, Friesenhausen, and Dresden. Next, the author begins a new list with his move to Bischheim (called "Bisha" in Alsatian Yiddish), in the historical region of Alsace (the scribe titles it as "Hath&#x323;alah be-&#x2BB;Alzos," f. 2r),  today a commune in the Bas-Rhin department in the Grand Est region of France. The first entry in the new list is for a circumcision in Walbrunn in Iyyar 1774. Other circumcisions are recorded in Bischheim, Ittenheim, Osthoffen, Botwiller, Schopfloch, Reishaufen, Haguenau and Mundolsheim. Notable circumcision entries include ceremonies in the presence of "the honorable Herz Mendelsheim", who was Herz Cerfbeer von Mendelsheim, army purveyor to the courts of King Louis XV and Louis XVI (Mendelsheim?, ca. 1730- Strasbourg, 1793; f. 3r, 4v) and a mention of a relative of the Auerbach family living in Bischheim, from the prominent rabbinic family from Bavaria (f. 13v). Some notable entries which document events in the community involve the War of the First Coalition between France and the European Powers: a hurried ceremony on 19 Av 1794 in Bischheim during a riot of "haters of Rofichlun [?], &#x5E9;&#x5D5;&#x5E0;&#x5D0;&#x5D9; &#x5E8;&#x5D0;&#x5E4;&#x5D9;&#x5DB;&#x5DC;&#x5D9;&#x5DF;" from neighboring "V&#x323;antsine" (La Wantzenau, sometimes called Wanzenowe) would destroy the synagogue, but "God foiled their evil plot" (f. 10r); an elaborate inscription celebrating a family arriving on a boat on the Rhine after being held capture by the invading German&#x200F; troops, in which Shimon b. Mosheh and his family escaped using the Schiffsbru&#x308;cken (pontoon bridges) near Strasbourg to Kehl in secret while the Germans were dozing ("yeshenim shenat ha-sus") after the enemies were driven to the Donau, and upon the arrival of the hostages and a circumcision ceremony there was great celebration (f. 13r-13v). He inscribes his grief and sorrow on the day his son was enlisted into service by the armies of Napoleon, in Switzerland, and had to move to Basel to wage war against England and notes that he prayed daily for his return and that he should remain Jewish (f. 19v-20r); the last entry by Freimann possibly mentions his son's return, during a ceremony in which he served as sandak&#x323;, perhaps for his grandson. The entries are written in simple form, most being two lines containing the date, name, and sometimes place of the circumcision performed. Written in Ashkenazic cursive script, with many entries hastily written and with different color inks. In a co&#x200F;lored board binding with a soft leather spine, likely original.</marc:subfield>
</marc:datafield>
    <marc:datafield ind1=" " ind2=" " tag="948">
  <marc:subfield code="h">HELD BY PAU - 0 OTHER HOLDINGS</marc:subfield>
</marc:datafield>
    <marc:datafield ind1=" " ind2=" " tag="994">
  <marc:subfield code="a">Z0</marc:subfield>
  <marc:subfield code="b">PAU</marc:subfield>
</marc:datafield>
    <marc:datafield ind1=" " ind2=" " tag="996">
  <marc:subfield code="a">hinge-right</marc:subfield>
</marc:datafield>
    <marc:holdings>
      <marc:holding>
        <marc:holding_id>22585740450003681</marc:holding_id>
        <marc:call_number>CAJS Rar Ms 493</marc:call_number>
        <marc:library>KatzLib</marc:library>
        <marc:location>cjsrarms</marc:location>
      </marc:holding>
    </marc:holdings>
  </marc:record>
</marc:records>
